<?xml version="1.0" encoding="UTF-8"?>
<record xmlns="http://www.loc.gov/MARC21/slim" xmlns:xsi="http://www.w3.org/2001/XMLSchema-instance" xsi:schemaLocation="http://www.loc.gov/MARC21/slim http://www.loc.gov/standards/marcxml/schema/MARC21slim.xsd">
<leader>00000cam a22      a 4500</leader>
<controlfield tag="001">002772021</controlfield>
<controlfield tag="003">NNU</controlfield>
<controlfield tag="005">20150125093728.0</controlfield>
<controlfield tag="008">850925s1982    ir       d    000 0 arar</controlfield>
<datafield tag="010" ind1=" " ind2=" ">
<subfield code="a">   85930072</subfield>
</datafield>
<datafield tag="035" ind1=" " ind2=" ">
<subfield code="a">(OCoLC)13093489</subfield>
</datafield>
<datafield tag="040" ind1=" " ind2=" ">
<subfield code="a">DLC</subfield>
<subfield code="b">eng</subfield>
<subfield code="c">DLC</subfield>
<subfield code="d">OCLCO</subfield>
<subfield code="d">OCLCA</subfield>
<subfield code="d">OCLCF</subfield>
<subfield code="d">OCLCA</subfield>
<subfield code="d">OCLCQ</subfield>
<subfield code="d">OCLCO</subfield>
<subfield code="d">NNU</subfield>
</datafield>
<datafield tag="041" ind1="0" ind2=" ">
<subfield code="a">araper</subfield>
</datafield>
<datafield tag="050" ind1="0" ind2="0">
<subfield code="a">BP133</subfield>
<subfield code="b">.Q26 1982</subfield>
</datafield>
<datafield tag="100" ind1="1" ind2=" ">
<subfield code="a">Qarshī, ʻAlī Akbar</subfield>
<subfield code="6">880-01</subfield>
</datafield>
<datafield tag="245" ind1="1" ind2="0">
<subfield code="6">880-02</subfield>
<subfield code="a">Qāmūs-i Qurʼān /</subfield>
<subfield code="c">tāʼlīf-i ʻAlī Akbar Qarshī.</subfield>
</datafield>
<datafield tag="250" ind1=" " ind2=" ">
<subfield code="6">880-03</subfield>
<subfield code="a">Chāp-i 3.</subfield>
</datafield>
<datafield tag="260" ind1=" " ind2=" ">
<subfield code="6">880-04</subfield>
<subfield code="a">Ṭihrān :</subfield>
<subfield code="b">Dār al-Kutub al-Islāmīyah,</subfield>
<subfield code="c">1361 [1982 or 1983]</subfield>
</datafield>
<datafield tag="300" ind1=" " ind2=" ">
<subfield code="a">7 volumes in 3 ;</subfield>
<subfield code="c">25 cm</subfield>
</datafield>
<datafield tag="336" ind1=" " ind2=" ">
<subfield code="a">text</subfield>
<subfield code="b">txt</subfield>
<subfield code="2">rdacontent</subfield>
</datafield>
<datafield tag="337" ind1=" " ind2=" ">
<subfield code="a">unmediated</subfield>
<subfield code="b">n</subfield>
<subfield code="2">rdamedia</subfield>
</datafield>
<datafield tag="338" ind1=" " ind2=" ">
<subfield code="a">volume</subfield>
<subfield code="b">nc</subfield>
<subfield code="2">rdacarrier</subfield>
</datafield>
<datafield tag="500" ind1=" " ind2=" ">
<subfield code="a">Arabic and Persian.</subfield>
</datafield>
<datafield tag="630" ind1="0" ind2="0">
<subfield code="a">Qurʼan</subfield>
<subfield code="x">Dictionaries.</subfield>
<subfield code="l">Arabic.</subfield>
</datafield>
<datafield tag="650" ind1=" " ind2="0">
<subfield code="a">Arabic language</subfield>
<subfield code="v">Dictionaries</subfield>
<subfield code="x">Persian.</subfield>
</datafield>
<datafield tag="630" ind1="0" ind2="7">
<subfield code="a">Qurʼan.</subfield>
<subfield code="2">fast</subfield>
<subfield code="0">(OCoLC)fst01842877</subfield>
</datafield>
<datafield tag="650" ind1=" " ind2="7">
<subfield code="a">Arabic language.</subfield>
<subfield code="2">fast</subfield>
<subfield code="0">(OCoLC)fst00812287</subfield>
</datafield>
<datafield tag="655" ind1=" " ind2="7">
<subfield code="a">Dictionaries.</subfield>
<subfield code="2">fast</subfield>
<subfield code="0">(OCoLC)fst01423826</subfield>
</datafield>
<datafield tag="776" ind1="0" ind2="8">
<subfield code="i">Online version:</subfield>
<subfield code="a">Qarshī, ʻAlī Akbar.</subfield>
<subfield code="t">Qāmūs-i Qurʼān.</subfield>
<subfield code="b">Chāp-i 3.</subfield>
<subfield code="d">Ṭihrān : Dār al-Kutub al-Islāmīyah, 1361 [1982 or 1983]</subfield>
<subfield code="w">(OCoLC)561319869</subfield>
</datafield>
<datafield tag="776" ind1="0" ind2="8">
<subfield code="i">Online version:</subfield>
<subfield code="a">Qarshī, ʻAlī Akbar.</subfield>
<subfield code="t">Qāmūs-i Qurʼān.</subfield>
<subfield code="b">Chāp-i 3.</subfield>
<subfield code="d">Ṭihrān : Dār al-Kutub al-Islāmīyah, 1361 [1982 or 1983]</subfield>
<subfield code="w">(OCoLC)613225953</subfield>
</datafield>
<datafield tag="880" ind1="1" ind2=" ">
<subfield code="6">100-01/</subfield>
<subfield code="a">قرشي، علي اكبر.</subfield>
</datafield>
<datafield tag="880" ind1="1" ind2="0">
<subfield code="6">245-02/</subfield>
<subfield code="a">قاموس قرآن /</subfield>
<subfield code="c">تأليف علي أكبر قرشي.</subfield>
</datafield>
<datafield tag="880" ind1=" " ind2=" ">
<subfield code="6">250-03/</subfield>
<subfield code="a">چاپ 3.</subfield>
</datafield>
<datafield tag="880" ind1=" " ind2=" ">
<subfield code="6">260-04/</subfield>
<subfield code="a">طهران :</subfield>
<subfield code="b">دار الکتب الاسلامية،</subfield>
<subfield code="c">1361 [1982 or 1983]</subfield>
</datafield>
<datafield tag="OWN" ind1=" " ind2=" ">
<subfield code="a">GENERAL</subfield>
</datafield>
<datafield tag="AVA" ind1=" " ind2=" ">
<subfield code="a">NYU50</subfield>
<subfield code="b">BOBST</subfield>
<subfield code="c">Main Collection</subfield>
<subfield code="d">BP133 .Q26 1982</subfield>
<subfield code="e">unavailable</subfield>
<subfield code="t">Unavailable</subfield>
<subfield code="f">3</subfield>
<subfield code="g">3</subfield>
<subfield code="h">Y</subfield>
<subfield code="i">0</subfield>
<subfield code="j">MAIN</subfield>
<subfield code="k">0</subfield>
</datafield>
</record>
